@online{noauthor_slovnicek_nodate,
  title = {Slovníček pojmů - Zlaté pravidlo maximalizace zisku - {BusinessCenter
           }.cz},
  url = {
         https://businesscenter.podnikatel.cz/slovnicek/zlate-pravidlo-maximalizace-zisku/
         },
  urldate = {2022-11-06},
}

@inreference{noauthor_metoda_2022,
  title = {Metoda maximální věrohodnosti},
  rights = {Creative Commons Attribution-{ShareAlike} License},
  url = {
         https://cs.wikipedia.org/w/index.php?title=Metoda_maxim%C3%A1ln%C3%AD_v%C4%9Brohodnosti&oldid=21307647
         },
  abstract = {Metoda maximální věrohodnosti označuje jednu z centrálních metod
              matematické statistiky. Jednou z hlavních úloh matematické
              statistiky je, zjednodušeně řečeno, odhad neznámých veličin v
              závislosti na pozorovaných (experimentálních) datech. Odhad v
              kontextu matematické statistiky sestává ze dvou částí formulace
              pravděpodobnostního modelu, který popisuje danou reálnou situaci
              ověření shody daného modelu se skutečností na základě pozorovaných
              dat.Z těchto dat se dále odhadují hodnoty volných parametrů modelu.
              Metoda maximální věrohodnosti je univerzální metoda pro konstrukci
              odhadů parametrů.},
  booktitle = {Wikipedie},
  urldate = {2022-11-06},
  date = {2022-05-21},
  note = {Page Version {ID}: 21307647},
  file = {
          Snapshot:/home/ondra/Zotero/storage/69YYX22L/Metoda_maximální_věrohodnosti.html:text/html
          },
}

@online{noauthor_matematicka_nodate,
  title = {Matematická biologie učebnice: Metoda maximální věrohodnosti},
  url = {
         https://portal.matematickabiologie.cz/index.php?pg=aplikovana-analyza-klinickych-a-biologickych-dat--biostatistika-pro-matematickou-biologii--bodove-a-intervalove-odhady--metoda-maximalni-verohodnosti
         },
  urldate = {2022-11-06},
}

@article{jelinkova_aplikacni_2013,
  title = {Aplikační úlohy z diferenciálního počtu jedné proměnné},
  pages = {65},
  author = {Jelínková, Michaela},
  url = {
         https://theses.cz/id/776duo/Aplikan_lohy_z_diferencilnho_potu_jedn_promnn.pdf
         },
  date = {2013},
  location = {České Budějovice},
}

@article{zahradnickova_ekonomicke_2009,
  title = {Ekonomické aplikace diferenciálního a integrálního počtu},
  pages = {65},
  author = {Zahradníčková, Martina},
  url = {https://is.muni.cz/th/nmf4k/Bakalarska_prace.pdf},
  date = {2009},
  location = {Brno},
}

@book{mazurek_matematika_2013,
  location = {Karviná},
  title = {Matematika v ekonomii: pro prezenční i kombinovanou formu studia},
  isbn = {978-80-7248-837-7},
  shorttitle = {Matematika v ekonomii},
  publisher = {Slezská univerzita v Opavě, Obchodně podnikatelská fakulta v
               Karviné},
  author = {Mazurek, Jiří},
  date = {2013},
  note = {{OCLC}: 897870316},
}

@article{realisticky_vrh_nodate,
  title = {Vrh šikmý},
  pages = {6},
  author = {Realisticky.cz},
  url = {http://www.realisticky.cz/ucebnice/02 Fyzika SŠ/01 Mechanika/06
         Gravitační pole/06 Šikmý vrh.pdf},
}

@book{odvarko_matematika_1994,
  location = {Praha},
  edition = {2. vyd., 1. vyd. v nakl. Prometheus},
  title = {Matematika pro gymnázia. Funkce},
  isbn = {978-80-85849-09-7},
  publisher = {Prometheus},
  author = {Odvárko, Oldřich and Jirsa, Miloš.},
  date = {1994},
  note = {{OCLC}: 39569705},
}

@inreference{noauthor_sigmoid_2022,
  title = {Sigmoid function},
  rights = {Creative Commons Attribution-{ShareAlike} License},
  url = {
         https://en.wikipedia.org/w/index.php?title=Sigmoid_function&oldid=1118893984
         },
  booktitle = {Wikipedia},
  urldate = {2022-11-06},
  date = {2022-10-29},
  langid = {english},
  note = {Page Version {ID}: 1118893984},
}

@video{3blue1brown_but_2017,
  title = {But what is a neural network? {\textbar} Chapter 1, Deep learning},
  url = {https://www.youtube.com/watch?v=aircAruvnKk},
  shorttitle = {But what is a neural network?},
  author = {{3Blue1Brown}},
  urldate = {2022-11-06},
  date = {2017-10-05},
}

@video{3blue1brown_gradient_2017,
  title = {Gradient descent, how neural networks learn {\textbar} Chapter 2,
           Deep learning},
  url = {https://www.youtube.com/watch?v=IHZwWFHWa-w},
  author = {{3Blue1Brown}},
  urldate = {2022-11-06},
  date = {2017-10-16},
}

@video{statquest_maximum_2017,
  title = {Maximum Likelihood, clearly explained!!!},
  url = {https://www.youtube.com/watch?v=XepXtl9YKwc},
  author = {{StatQuest with Josh Starmer}},
  urldate = {2022-11-06},
  date = {2017-07-31},
}
